@misc{distasi97,
    author = {Riccardo Distasi and Michele Nappi and Sergio Vitulano},
    title = {Image Compression by-Tree Triangular Coding},
    year = {1997}
}
@mastersthesis{zimmer07,
    title={PDE-based Image Compression using Corner Information},
    author={Zimmer, Henning Lars},
    year={2007}
}
@inproceedings{schmaltz09,
    author = {Christian Schmaltz and Joachim Weickert and Andrés Bruhn},
    title = {Beating the quality of JPEG 2000 with anisotropic diffusion},
    booktitle = {Pattern Recognition, volume 5748 of Lecture Notes in Computer Science},
    year = {2009},
    pages = {452--461},
    publisher = {Springer}
}
@misc{galic05,
    author = {Irena Galić and Joachim Weickert and Martin Welk and Andrés Bruhn and Alexander Belyaev and Hans-Peter Seidel},
    title = {Towards PDE-Based Image Compression},
    year = {2005}
}
@misc{galic08,
    author = {Irena Galić and Joachim Weickert and Martin Welk and Andrés Bruhn and Alexander Belyaev and Hans-Peter Seidel},
    title = {Image Compression with Anisotropic Diffusion},
    year = {2008}
}
@inproceedings{bertalmio00,
    author = {Marcelo Bertalmio and Guillermo Sapiro and Vincent Caselles and Coloma Ballester},
    title = {Image Inpainting},
    booktitle = {SIGGRAPH '00: Proceedings of the 27th annual conference on Computer graphics and interactive techniques},
    publisher = {ACM Press/Addison-Wesley Publishing Co.},
    year = {2000},
    pages = {417--424}
}
@misc{weickert96,
    author = {Joachim Weickert},
    title = {Anisotropic Diffusion In Image Processing},
    year = {1996}
}
@misc{peloquin09,
    author = {Markus Peloquin},
    title = {PDE-based Image Compression},
    year = {2009}
}
@article{wallace91,
    author = {Gregory K. Wallace},
    title = {The JPEG still picture compression standard},
    journal = {Communications of the ACM},
    year = {1991},
    pages = {30--44}
}
@misc{mainberger10,
    author = {Markus Mainberger and Andrés Bruhn and Joachim Weickert and Søren Forchhammer},
    title = {Edge-Based Compression of Cartoon-like Images with Homogeneous Diffusion},
    year = {2010}
}
@inproceedings{mainberger09,
    author = {Markus Mainberger and Joachim Weickert},
    title = {Edge-based image compression with homogeneous diffusion},
    booktitle = {Computer Analysis of Images and Patterns},
    year = {2009},
    pages = {476--483},
    publisher = {Springer}
}
@article{hildreth85,
    author = {Ellen C. Hildreth},
    title = {Edge Detection},
    journal = {},
    year = {1985},
    volume = {207},
    pages = {187--217}
}
@inproceedings{harris88,
  title={A Combined Corner and Edge Detector},
  author={Christopher G. Harris and Mike Stephens},
  booktitle={Alvey Vision Conference},
  year={1988},
  pages={147--151}
}
@inproceedings{shitomasi94,
    author = {Jianbo Shi and Carlo Tomasi},
    title = {Good Features to Track},
    year = {1994},
    pages = {593--600}
}
@incollection{ipcv19-02,
    author = {Joachim Weickert},
    title = {Foundations II: Degradations in Digital Images},
    booktitle = {Image Processing and Computer Vision},
    year = {2019},
    publisher = {Saarland University},
    note = {Lecture note},
    url = {https://www.mia.uni-saarland.de/Teaching/IPCV19/ipcv19-02.pdf}
}
@incollection{ipcv19-12,
    author = {Joachim Weickert},
    title = {Linear Filters II: Derivative Filters},
    booktitle = {Image Processing and Computer Vision},
    year = {2019},
    publisher = {Saarland University},
    note = {Lecture note},
    url = {https://www.mia.uni-saarland.de/Teaching/IPCV19/ipcv19-12.pdf}
}
@incollection{ipcv19-13,
    author = {Joachim Weickert},
    title = {Linear Filters III: Detection of Edges and Corners},
    booktitle = {Image Processing and Computer Vision},
    year = {2019},
    publisher = {Saarland University},
    note = {Lecture note}, 
   url = {https://www.mia.uni-saarland.de/Teaching/IPCV19/ipcv19-13.pdf}
}
@book{dspguide,
    author = {Steven W. Smith}, 
    title = {The Scientist and Engineer's Guide to
Digital Signal Processing},
    year = {1997},
    url = {http://www.dspguide.com/pdfbook.htm}
}
@book{mfi3,
    author = {Joachim Weickert},
    title = {Mathematik f\"ur Informatiker III},
    year = {2016},
    note = {Lecture Notes},
    url =  {https://www.mia.uni-saarland.de/Teaching/MFI16/MfI3_Skript.pdf}
}
@incollection{dic18-02,
    author = {Joachim Weickert}, 
    title = {Linear Diffusion Filtering I: Basic Concepts},
    booktitle = {Differential Equations in Image Processing and Computer Vision},
    year = {2018},
    publisher = {Saarland University}, 
    note = {Lecture note},
    url = {https://www.mia.uni-saarland.de/Teaching/DIC18/dic18-02.pdf}
}
@article{perona-malik, 
    author={P. {Perona} and J. {Malik}},
    journal={IEEE Transactions on Pattern Analysis and Machine Intelligence},
    title={Scale-space and edge detection using anisotropic diffusion},
    year={1990},
    volume={12},
    number={7},
    pages={629-639}
}
