@MISC{zimmer07,
  AUTHOR = {Zimmer, Henning Lars},
  DATE = {2007},
  NOTE = {Master's Thesis},
  TITLE = {PDE-based Image Compression using Corner Information},
}

@INPROCEEDINGS{schmaltz09,
  AUTHOR = {Schmaltz, Christian and Weickert, Joachim and Bruhn, Andrés},
  PUBLISHER = {Springer},
  BOOKTITLE = {Pattern Recognition, volume 5748 of Lecture Notes in Computer Science},
  DATE = {2009},
  PAGES = {452--461},
  TITLE = {Beating the quality of JPEG 2000 with anisotropic diffusion},
}

@MISC{galic05,
  AUTHOR = {Galić, Irena and Weickert, Joachim and Welk, Martin and Bruhn, Andrés and Belyaev, Alexander and Seidel, Hans-Peter},
  DATE = {2005},
  TITLE = {Towards PDE-Based Image Compression},
}

@MISC{galic08,
  AUTHOR = {Galić, Irena and Weickert, Joachim and Welk, Martin and Bruhn, Andrés and Belyaev, Alexander and Seidel, Hans-Peter},
  DATE = {2008},
  TITLE = {Image Compression with Anisotropic Diffusion},
}

@INPROCEEDINGS{bertalmio00,
  AUTHOR = {Bertalmio, Marcelo and Sapiro, Guillermo},
  DATE = {2000},
  PAGES = {417--424},
  TITLE = {Image Inpainting},
}

@MISC{weickert96,
  AUTHOR = {Weickert, Joachim},
  DATE = {1996},
  TITLE = {Anisotropic Diffusion In Image Processing},
}

@MISC{peloquin09,
  AUTHOR = {Peloquin, Markus},
  DATE = {2009},
  TITLE = {PDE-based Image Compression},
}

@ARTICLE{wallace91,
  AUTHOR = {Wallace, Gregory K.},
  DATE = {1991},
  JOURNALTITLE = {Communications of the ACM},
  PAGES = {30--44},
  TITLE = {The JPEG still picture compression standard},
}

