@article{distasi97,
  author={R. {Distasi} and M. {Nappi} and S. {Vitulano}},
  journal={IEEE Transactions on Communications}, 
  title={Image compression by B-tree triangular coding}, 
  year={1997},
  volume={45},
  number={9},
  pages={1095-1100},
}
@misc{zimmer07,
    title={PDE-based Image Compression using Corner Information},
    author={Zimmer, H. L.},
    year={2007},
    note={M.Sc. Thesis, Mathematical Image Analysis Group, Department of Mathematics and Computer Science, Saarland University}
}
@inproceedings{schmaltz09,
    author = {Schmaltz, C. and Weickert, J. and Bruhn, A.},
    title = {Beating the quality of JPEG 2000 with anisotropic diffusion},
    booktitle = {Pattern Recognition, volume 5748 of Lecture Notes in Computer Science},
    year = {2009},
    pages = {452--461},
    publisher = {Springer}
}
@inproceedings{galic05,
author="Gali{\'{c}}, I.
and Weickert, J.
and Welk, M.
and Bruhn, A.
and Belyaev, A.
and Seidel, H.-P.",
editor="Paragios, N.
and Faugeras, O.
and Chan, T.
and Schn{\"o}rr, C.",
title="Towards PDE-Based Image Compression",
booktitle="Variational, Geometric, and Level Set Methods in Computer Vision",
year="2005",
publisher="Springer Berlin Heidelberg",
address="Berlin, Heidelberg",
pages="37--48",
}
@article{galic08,
author={Gali{\'{c}}, I.
and Weickert, J.
and Welk, M.
and Bruhn, A.
and Belyaev, A.
and Seidel, H.-P.},
title={Image Compression with Anisotropic Diffusion},
journal={Journal of Mathematical Imaging and Vision},
year={2008},
month={Jul},
volume={31},
number={2},
pages={255-269},
doi={10.1007/s10851-008-0087-0},
}
@inproceedings{bertalmio00,
    author = {M. Bertalmio and G. Sapiro and V. Caselles and C. Ballester},
    title = {Image Inpainting},
    booktitle = {SIGGRAPH '00: Proceedings of the 27th annual conference on Computer graphics and interactive techniques},
    publisher = {ACM Press/Addison-Wesley Publishing Co.},
    year = {2000},
    pages = {417--424}
}
@book{weickert96,
    author = {J. Weickert},
    title = {Anisotropic Diffusion In Image Processing},
    year = {1996},
    publisher = {Teubner},
    address = {Stuttgart}
}
@article{wallace92,
  author={G. K. {Wallace}},
  journal={IEEE Transactions on Consumer Electronics}, 
  title={The JPEG still picture compression standard}, 
  month={2},
  year={1992},
  volume={38},
  number={1},
  pages={18-34},
  doi={10.1109/30.125072}
}
@article{mainberger10,
title = "Edge-based compression of cartoon-like images with homogeneous diffusion",
journal = "Pattern Recognition",
volume = "44",
number = "9",
pages = "1859 - 1873",
month= "9",
year = "2011",
note = "Computer Analysis of Images and Patterns",
doi = "10.1016/j.patcog.2010.08.004",
author = "M. Mainberger and A. Bruhn and J. Weickert and S. Forchhammer",
keywords = "Image compression, Partial differential equations (PDEs), Laplace equation, Contour coding, Cartoon-like images, Second-generation coding, Multigrid"
}
@inproceedings{mainberger09,
    author = {M. Mainberger and J. Weickert},
    title = {Edge-based image compression with homogeneous diffusion},
    booktitle = {Computer Analysis of Images and Patterns},
    year = {2009},
    pages = {476--483},
    publisher = {Springer}
}
@article{hildreth85,
    author = {E. C. Hildreth},
    title = {Edge Detection},
    journal = {},
    year = {1985},
    volume = {207},
    pages = {187--217}
}
@inproceedings{harris88,
  title={A Combined Corner and Edge Detector},
  author={C. G. Harris and M. Stephens},
  booktitle={Alvey Vision Conference},
  year={1988},
  pages={147--151}
}
@INPROCEEDINGS{shitomasi94,
  author={ {J. Shi} and  {C. Tomasi}},
  booktitle={1994 Proceedings of IEEE Conference on Computer Vision and Pattern Recognition}, 
  title={Good features to track}, 
  year={1994},
  volume={},
  number={},
  pages={593-600},
  doi ={10.1109/CVPR.1994.323794}
}
@book{dspguide,
    author = {S. W. Smith}, 
    title = {The Scientist and Engineer's Guide to
Digital Signal Processing},
    year = {1997},
    url = {http://www.dspguide.com/pdfbook.htm}
}
@book{mfi3,
    author = {Joachim W.},
    title = {Mathematik für Informatiker III},
    year = {2016},
    note = {Lecture Notes},
    url =  {https://www.mia.uni-saarland.de/Teaching/MFI16/MfI3_Skript.pdf}
}
@misc{ipcv,
    author = {Weickert, J.},
    title = {Lecture Notes for "Image Processing and Computer Vision"},
    year = {2019},
    publisher = {Saarland University},
    note = {Lecture notes},
    url = {https://www.mia.uni-saarland.de/Teaching/ipcv19.shtml}
}
@misc{dic,
    author = {Weickert, J.},
    title = {Lecture Notes for "Differential Equations in Image Processing and Computer Vision"},
    year = {2019},
    publisher = {Saarland University},
    note = {Lecture notes},
    url = {https://www.mia.uni-saarland.de/Teaching/dic19.shtml}
}
@article{perona-malik, 
    author={P. {Perona} and J. {Malik}},
    journal={IEEE Transactions on Pattern Analysis and Machine Intelligence},
    title={Scale-space and edge detection using anisotropic diffusion},
    year={1990},
    volume={12},
    number={7},
    pages={629-639}
}
@misc{img-divergence,
    author={Wikimedia-User Bfoshizzle1},
    title={Divergence (Captions)},
    year={2019},
    note={[Online; Accessed at 15.04.2020]},
    url={https://commons.wikimedia.org/wiki/File:Divergence_(captions).svg}
}
@inproceedings{witkin84,
    author={A. {Witkin}},
    booktitle={ICASSP '84. IEEE International Conference on Acoustics, Speech, and Signal Processing},
    title={Scale-space filtering: A new approach to multi-scale description}, 
    year={1984},
    volume={9},
    number={},
    pages={150-153},
}
@article{weickert-ishikawa,
    author = {J. Weickert and S. Ishikawa and A. Imiya},
    title = {Linear Scale-Space has First been Proposed in Japan},
    journal = {Journal of Mathematical Imaging and Vision},
    volume = {10},
    pages = {237-252},
    year = {1999}
}
@book{beltrami93,
    author = {E. Beltrami},
    title = {Von Krebsen und Kriminellen - Mathematische Modelle in Biologie und Soziologie},
    publisher = {Vieweg},
    address = {Braunschweig/Wiesbaden, Germany},
    year = {1993}
}
@article{catte-lions-morel92,
    author = {F. Catté and P.-L. Lions and J.-M. Morel and T. Coll},
    title = {Image Selective Smoothing and Edge Detection by Nonlinear Diffusion},
    journal = {Siam Journal on Numerical Analysis},
    volume = {29},
    pages = {182-193},
    year = {1992}
}
@inproceedings{charbonnier,
    author={P. {Charbonnier} and L. {Blanc-Feraud} and G. {Aubert} and M. {Barlaud}},
    booktitle={Proceedings of 1st International Conference on Image Processing},
    title={Two deterministic half-quadratic regularization algorithms for computed imaging},
    year={1994},
    volume={2},
    pages={168-172}
}
@inproceedings{www13,
    author={J. Weickert and M. Welk and M. Wickert},
    booktitle={A. Kujiper, K. Bredies, T. Pock, H. Bischof (eds) Scale-Space and Variational
               Methods in Computer Vision. SSVM 2013. Lecture Notes in Computer Science},
    title={$L^2$-Stable, Nonstandard Finite Differences For Anisotropic Diffusion},
    year={2013}, 
    volume={7893}, 
    pages={380-391},
    publisher={Springer, Berlin, Heidelberg}
}
@inproceedings{peter15,
    author={Pascal P. and Christian S. and N. Mach and M. Mainberger and J.
            Weickert},
    booktitle={Journal of Visual Communication and Image Representation}, 
    title={Beyond Pure Quality: Progressive Modes, Region of Interest Coding and Real Time Video
           decoding for PDE-based Image Compression}, 
    year={2015},
    volume={31},
    pages={253-265}
}
@misc{marr82,
  title={Vision: A computational investigation into the human representation and processing of visual
         information},
  author={Marr, D},
  year={1982},
  publisher={WH San Francisco: Freeman and Company}
}
@article{canny86,
    author={J. {Canny}}, 
    journal={IEEE Transactions on Pattern Analysis and Machine
    Intelligence},
    title={A Computational Approach to Edge Detection},
    year={1986},
    volume={PAMI-8}, 
    number={6},
    pages={679-698},
}
@article{jbig,
    author={Joint Bi-level Image Experts Group},
    title={Information technology -- progressive lossy/lossless coding of bi-level images},
    journal={ISO/IEC JTC1 11544, ITU-T Rec. T.82},
    year={1993},
    publisher={Final Committee Draft 11544}
}
@article{huffman,
    author={D. A. {Huffman}},
    journal={Proceedings of the IRE},
    title={A Method for the Construction of Minimum-Redundancy Codes},
    year={1952},
    volume={40},
    number={9},
    pages={1098-1101}
}
@inbook{hoeltgen12,
    author = "L. Hoeltgen and M. Mainberger and S. Hoffmann and J. Weickert and C. H. Tang and S.
    Setzer and D. Johannsen and F. Neumann and B. Doerr",
    editor = "M. Bergounioux and G. Peyré and C. Schnörr and J.-P. Caillau and T. Haberkorn",
    title = "Optimizing spatial and tonal data for PDE-based inpainting",
    booktitle = "Variational Methods",
    year = "2016",
    publisher = "De Gruyter",
    address = "Berlin, Boston",
    doi = "https://doi.org/10.1515/9783110430394-002",
    pages=      "35 - 83",
}
@article{emile76,
  title={The restorer's bandbook of easel painting},
  author={Emile-Male, G.},
  year={1976}
}
@article{schmaltz14,
author = {Schmaltz, C. and Peter, P. and Mainberger, M. and Ebel, F. and Weickert, J. and Bruhn, A.},
year = {2014},
month = {07},
pages = {},
title = {Understanding, Optimising, and Extending Data Compression with Anisotropic Diffusion},
volume = {108},
journal = {International Journal of Computer Vision},
doi = {10.1007/s11263-014-0702-z}
}
@article{dong07,
author = {Liu, D. and Sun, X. and Li, S. and Zhang, Y.-Q.},
year = {2007},
month = {11},
pages = {1273 - 1287},
title = {Image Compression With Edge-Based Inpainting},
volume = {17},
journal = {Circuits and Systems for Video Technology, IEEE Transactions on},
doi = {10.1109/TCSVT.2007.903663}
}
@misc{conversation,
title={Personal communication},
author={Weickert, J.}
}
@inproceedings{paq,
    author = {Mahoney, M.},
    title = {Adaptive Weighing of Context Models for Lossless Data Compression},
    year = {2005},
    month = {12},
    booktitle = {Technical Report CS-2005-16},
    publisher = {Florida Institute of Technology, Melbourne, Florida}
}
@inproceedings{mainberger12,
author="Mainberger, M.
and Hoffmann, S.
and Weickert, J.
and Tang, C. H.
and Johannsen, D.
and Neumann, F.
and Doerr, B.",
editor="Bruckstein, A. M.
and ter Haar Romeny, B. M.
and Bronstein, A. M.
and Bronstein, M. M.",
title="Optimising Spatial and Tonal Data for Homogeneous Diffusion Inpainting",
booktitle="Scale Space and Variational Methods in Computer Vision",
year="2012",
publisher="Springer Berlin Heidelberg",
address="Berlin, Heidelberg",
pages="26--37",
}
@InProceedings{kanters05,
author="Kanters, F.
and Lillholm, M.
and Duits, R.
and Janssen, B.
and Platel, B.
and Florack, L.
and ter Haar Romeny, B.",
editor="Kimmel, R.
and Sochen, N. A.
and Weickert, J.",
title="On Image Reconstruction from Multiscale Top Points",
booktitle="Scale Space and PDE Methods in Computer Vision",
year="2005",
publisher="Springer Berlin Heidelberg",
address="Berlin, Heidelberg",
pages="431--442",
doi={10.1007/11408031_37}
}

@article{weinzaepfel11,
author = {Weinzaepfel, P. and Jégou, H. and Pérez, P.},
year = {2011},
month = {06},
pages = {337-344},
title = {Reconstructing an image from its local descriptors},
journal = {Computer Vision and Pattern Recognition},
doi = {10.1109/CVPR.2011.5995616}
}
@Inproceedings{janssen05,
author="Janssen, B.
and Kanters, F.
and Duits, R.
and Florack, L.
and ter Haar Romeny, B.",
editor="Kimmel, R.
and Sochen, N. A.
and Weickert, J.",
title="A Linear Image Reconstruction Framework Based on Sobolev Type Inner Products",
booktitle="Scale Space and PDE Methods in Computer Vision",
year="2005",
publisher="Springer Berlin Heidelberg",
address="Berlin, Heidelberg",
pages="85--96",
doi={10.1007/11408031_8}
}

@inproceedings{sift,
author= { Lowe, D. G. },
year = {2004},
pages = {91-110},
title = {Distinctive Image Features from Scale-Invariant Keypoints},
volume = {60},
journal = {International Journal of Computer Vision},
doi = {10.1023/B:VISI.0000029664.99615.94}
}
@article{belhachmi09,
author = {Belhachmi, Z. and Bucur, D. and Burgeth, B. and Weickert, J.},
year = {2009},
month = {01},
pages = {333-352},
title = {How to Choose Interpolation Data in Images},
volume = {70},
journal = {SIAM Journal of Applied Mathematics},
doi = {10.1137/080716396}
}
@article{electrostatic,
author = {Schmaltz, C. and Gwosdek, P. and Bruhn, A. and Weickert, J.},
year = {2010},
month = {12},
pages = {2313-2327},
title = {Electrostatic Halftoning},
volume = {29},
journal = {Comput. Graph. Forum},
doi = {10.1111/j.1467-8659.2010.01716.x}
}
@article{conjugateGradients,
    author = {Hestenes, M. R. and Stiefel, E.},
    year = {1952},
    month={12},
    pages = {409-436},
    title = {Methods of Conjugate Gradients for Solving Linear Systems},
    volume = {49(6)},
    journal = {Journal of Research of the National Bureau of Standards},
    doi = {10.6028/jres.049.044}
}
@article{jpeg2000,
  author={D. S. {Taubman} and M. W. {Marcellin}},
  journal={Proceedings of the IEEE}, 
  title={JPEG2000: standard for interactive imaging}, 
  year={2002},
  volume={90},
  number={8},
  pages={1336-1357},
}
@misc{gaussCircle,
   title = {Gauss's Circle Problem},
   howpublished = {\url{https://mathworld.wolfram.com/GausssCircleProblem.html}},
   note = {Last accessed: June 16, 2020}
}
@book{hilbert96,
    author={Hilbert, D. and Cohn-Vossen, S.},
    title={Anschauliche Geometrie},
    year = {1996},
    publisher = {Springer-Verlag},
    address = {Berlin, Heidelberg},
    doi = {10.1007/978-3-642-19948-6}
}
@misc{percentile,
    title = {Percentile},
    howpublished = {\url{https://en.wikipedia.org/wiki/Percentile}},
    note = {Last accessed: June 17, 2020}
}
@techreport{tomasi91,
  title={Shape and motion from image streams: a factorization method-3. detection and tracking of point features},
  author={Tomasi, C. and Kanade, T.},
  year={1991},
  institution={Carnegie Mellon University, Pittsburgh, PA},
  number = {CMU-CS-91–132}
}
@article{rohr91,
    author = {Rohr, K.},
    year = {1991},
    month={5},
    pages = {139-150},
    title = {Localization properties of direct corner detectors},
    volume = {4},
    journal = {Journal of Mathematical Imaging and Vision},
    doi = {10.1007/BF01249893}
}
@article{foerstner87,
    author = {Förstner, W. and Gülch, E.},
    year = {1987},
    pages = {281-305},
    title = {A fast operator for detection and precise location of distinct points, corners and centres of circular features},
    journal = {ISPRS Conference on Fast Processing of Photogrammetric Data}
}
@article{amss,
    author = {Alvarez, L. and Morales, F.},
    year = {1997},
    month = {11},
    pages = {95-107},
    title = {Affine Morphological Multiscale Analysis of Corners and Multiple Junctions},
    volume = {25},
    journal = {International Journal of Computer Vision},
    doi = {10.1023/A:1007959616598}
}
@article{marr80,
    author = {Marr, D. and Hildreth, E.},
    year = {1980},
    month = {02},
    pages = {187-217},
    title = {Theory of Edge Detection},
    volume = {207},
    journal = {Proceedings of the Royal Society of London. Series B, Containing papers of a Biological character. Royal Society (Great Britain)},
    doi = {10.1098/rspb.1980.0020}
}
@misc{gimp,
    title={The GNU image manipulation program},
    howpublished={\url{https://www.gimp.org/}}
}
@misc{matplotlib,
    title={Matplotlib: Visualization with Python},
    howpublished={\url{https://matplotlib.org/}}
}
@article{alvarez93,
    author = {Alvarez, L. and Guichard, F. and Lions, P. and Morel, J.-M.},
    year = {1993},
    month = {09},
    pages = {199-257},
    title = {Axioms and fundamental equations of image processing},
    volume = {123},
    journal = {Archive for Rational Mechanics and Analysis},
    doi = {10.1007/BF00375127}
}
@article{lindeberg94,
    author = {Lindeberg, T.},
    year = {1994},
    month = {09},
    pages = {224-270},
    title = {Scale-Space Theory: A Basic Tool for Analysing Structures at Different Scales},
    volume = {21},
    journal = {Journal of Applied Statistics},
    doi = {10.1080/757582976}
}
@article{ijima, 
    author = {Ijima, T.},
    title={Basic theory of pattern observation},
    month={12},
    year={1959},
    journal={Papers of Technical Group on Automata and Automatic Control, IECE, Japan},
    note={in Japanese} 
}
@inproceedings{masnou98,
  author={S. {Masnou} and J. {Morel}},
  booktitle={Proceedings 1998 International Conference on Image Processing. ICIP98}, 
  title={Level lines based disocclusion}, 
  year={1998},
  volume={3},
  number={},
  pages={259-263},
  doi={10.1109/ICIP.1998.999016}
}
